@article{rotemberg1984financial,
  title={Financial transaction costs and industrial performance},
  author={Rotemberg, Julio},
  year={1984},
  publisher={Cambridge, Mass.: Massachusetts Institute of Technology}
}

@article{azar2018anticompetitive,
  title={Anticompetitive effects of common ownership},
  author={Azar, Jos{\'e} and Schmalz, Martin C and Tecu, Isabel},
  journal={The Journal of Finance},
  volume={73},
  number={4},
  pages={1513--1565},
  year={2018},
  publisher={Wiley Online Library}
}

@article{azar2022ultimate,
  title={Ultimate ownership and bank competition},
  author={Azar, Jos{\'e} and Raina, Sahil and Schmalz, Martin},
  journal={Financial Management},
  volume={51},
  number={1},
  pages={227--269},
  year={2022},
  publisher={Wiley Online Library}
}

@misc{ASPE_2023, title={Ownership of Hospitals: An analysis of newly-released federal ...}, url={https://aspe.hhs.gov/sites/default/files/documents/582de65f285646af741e14f82b6df1f6/hospital-ownership-data-brief.pdf}, journal={Office of Health Policy}, author={ASPE}, year={2023}} 

@article{bai2021analysis,
  title={Analysis Suggests Government And Nonprofit Hospitalsâ€™ Charity Care Is Not Aligned With Their Favorable Tax Treatment: Study examines government and nonprofit hospital charity care expenses compared to charity care obligations arising from the organizations' favorable tax treatment.},
  author={Bai, Ge and Zare, Hossein and Eisenberg, Matthew D and Polsky, Daniel and Anderson, Gerard F},
  journal={Health Affairs},
  volume={40},
  number={4},
  pages={629--636},
  year={2021}
}

@article{bruch2021charity,
  title={Charity care: do nonprofit hospitals give more than for-profit hospitals?},
  author={Bruch, Joseph D and Bellamy, David},
  journal={Journal of general internal medicine},
  volume={36},
  number={10},
  pages={3279--3280},
  year={2021},
  publisher={Springer}
}

@article{nicholson2000measuring,
  title={Measuring Community Benefits Provided By For-Profit And Nonprofit Hospitals: Nonprofits appear to be falling short of providing the expected level of community benefits, according to this new model.},
  author={Nicholson, Sean and Pauly, Mark V and Burns, Lawton R and Baumritter, Agnieshka and Asch, David A},
  journal={Health Affairs},
  volume={19},
  number={6},
  pages={168--177},
  year={2000},
  publisher={Project HOPE-The People-to-People Health Foundation, Inc.}
}

@article{levinson2024ten,
  title={Ten things to know about consolidation in health care provider markets},
  author={Levinson, Zachary and Godwin, Jamie and Hulver, Scott and Neuman, Tricia},
  journal={KFF Health Costs},
  year={2024}
}